% Encoding: UTF-8
@book {Yong2015,
    AUTHOR = {Yong, Jiongmin},
     TITLE = {Differential games},
      NOTE = {A concise introduction},
 PUBLISHER = {World Scientific Publishing Co. Pte. Ltd., Hackensack, NJ},
      YEAR = {2015},
     PAGES = {xiv+322},
      ISBN = {978-981-4596-22-0},
   MRCLASS = {91-02 (49N70 49N75 91A23)},
  MRNUMBER = {3309274},
MRREVIEWER = {Sa\"{\i}d Hamadene},
       DOI = {10.1142/9121},
       URL = {https://doi.org/10.1142/9121},
}
@book {Yong1999,
    AUTHOR = {Yong, Jiongmin and Zhou, Xun Yu},
     TITLE = {Stochastic controls},
      NOTE = {Hamiltonian systems and HJB equations},
    SERIES = {Applications of Mathematics (New York)},
 PUBLISHER = {Springer-Verlag, New York},
      YEAR = {1999},
    VOLUME = {43},
     PAGES = {xxii+438},
      ISBN = {0-387-98723-1},
   MRCLASS = {93-02 (49K45 49L20)},
  MRNUMBER = {1696772},
MRREVIWWER = {Tamer Ba\c{s}ar},
       DOI = {10.1007/978-1-4612-1466-3},
       URL = {https://doi.org/10.1007/978-1-4612-1466-3},
}

@Comment{jabref-meta: databaseType:bibtex;}
